%% This BibTeX bibliography file was created using BibDesk.
%% http://bibdesk.sourceforge.net/


%% Created for Daniel Aschwanden at 2012-04-23 09:32:13 +0200 


%% Saved with string encoding Unicode (UTF-8) 



@article{Dainotti:2012:EBH,
	Acmid = {2096154},
	Address = {New York, NY, USA},
	Author = {Dainotti, Alberto and Amman, Roman and Aben, Emile and Claffy, Kimberly C.},
	Date-Added = {2012-04-23 07:31:11 +0000},
	Date-Modified = {2012-04-23 07:31:23 +0000},
	Doi = {10.1145/2096149.2096154},
	Issn = {0146-4833},
	Issue_Date = {January 2012},
	Journal = {SIGCOMM Comput. Commun. Rev.},
	Keywords = {censorship, earthquakes, malware, network telescope, outages},
	Number = {1},
	Numpages = {9},
	Pages = {31--39},
	Publisher = {ACM},
	Title = {Extracting benefit from harm: using malware pollution to analyze the impact of political and geophysical events on the internet},
	Url = {http://doi.acm.org/10.1145/2096149.2096154},
	Volume = {42},
	Bdsk-File-1 = {YnBsaXN0MDDUAQIDBAUIJidUJHRvcFgkb2JqZWN0c1gkdmVyc2lvblkkYXJjaGl2ZXLRBgdUcm9vdIABqAkKFRYXGyIjVSRudWxs0wsMDQ4RFFpOUy5vYmplY3RzV05TLmtleXNWJGNsYXNzog8QgASABqISE4ACgAOAB1lhbGlhc0RhdGFccmVsYXRpdmVQYXRo0hgNGRpXTlMuZGF0YU8RAggAAAAAAggAAgAABUthdGxhAAAAAAAAAAAAAAAAAAAAAAAAAAAAAMugXEhIKwAAAFQNsBBEYWlub3R0aV9FQkgucGRmAAAAAAAAAAAAAAAAAAAAAAAAAAAAAAAAAAAAAAAAAAAAAAAAAAAAAAAAAAAAAAAAYCZby7rR9AAAAAAAAAAAAAEAAgAACSAAAAAAAAAAAAAAAAAAAAAMUmVsYXRlZCBXb3JrABAACAAAy6BAKAAAABEACAAAy7q11AAAAAEAKABUDbAAVAXvAFPs5QAE7jwABO4dAAS2fwAEomoABJxUAARTyQAAv3wAAgBvS2F0bGE6VXNlcnM6AGFzZGFuaWVsOgBEb2N1bWVudHM6AEVUSDoATWFzdGVyOgA5LlNlbToATWFzdGVyYXJiZWl0OgByZXBvOgB0cnVuazoAUmVsYXRlZCBXb3JrOgBEYWlub3R0aV9FQkgucGRmAAAOACIAEABEAGEAaQBuAG8AdAB0AGkAXwBFAEIASAAuAHAAZABmAA8ADAAFAEsAYQB0AGwAYQASAF9Vc2Vycy9hc2RhbmllbC9Eb2N1bWVudHMvRVRIL01hc3Rlci85LlNlbS9NYXN0ZXJhcmJlaXQvcmVwby90cnVuay9SZWxhdGVkIFdvcmsvRGFpbm90dGlfRUJILnBkZgAAEwABLwAAFQACAA///wAAgAXSHB0eH1gkY2xhc3Nlc1okY2xhc3NuYW1lox8gIV1OU011dGFibGVEYXRhVk5TRGF0YVhOU09iamVjdF8QIC4uL1JlbGF0ZWQgV29yay9EYWlub3R0aV9FQkgucGRm0hwdJCWiJSFcTlNEaWN0aW9uYXJ5EgABhqBfEA9OU0tleWVkQXJjaGl2ZXIACAARABYAHwAoADIANQA6ADwARQBLAFIAXQBlAGwAbwBxAHMAdgB4AHoAfACGAJMAmACgAqwCrgKzArwCxwLLAtkC4ALpAwwDEQMUAyEDJgAAAAAAAAIBAAAAAAAAACgAAAAAAAAAAAAAAAAAAAM4},
	Bdsk-Url-1 = {http://doi.acm.org/10.1145/2096149.2096154},
	Bdsk-Url-2 = {http://dx.doi.org/10.1145/2096149.2096154}}

@inproceedings{Jin:2007:2,
	Acmid = {1269883},
	Address = {New York, NY, USA},
	Author = {Jin, Yu and Zhang, Zhi-Li and Xu, Kuai and Cao, Feng and Sahu, Sambit},
	Booktitle = {Proceedings of the 3rd annual ACM workshop on Mining network data},
	Date-Added = {2012-04-23 07:28:36 +0000},
	Date-Modified = {2012-04-23 07:29:06 +0000},
	Doi = {10.1145/1269880.1269883},
	Isbn = {978-1-59593-792-6},
	Keywords = {IP gray space, anomaly detection, entropy, network traffic analysis, profiling},
	Location = {San Diego, California, USA},
	Numpages = {6},
	Pages = {7--12},
	Publisher = {ACM},
	Rating = {3},
	Read = {1},
	Series = {MineNet '07},
	Title = {Identifying and tracking suspicious activities through IP gray space analysis},
	Url = {http://doi.acm.org/10.1145/1269880.1269883},
	Year = {2007},
	Bdsk-File-1 = {YnBsaXN0MDDUAQIDBAUIJidUJHRvcFgkb2JqZWN0c1gkdmVyc2lvblkkYXJjaGl2ZXLRBgdUcm9vdIABqAkKFRYXGyIjVSRudWxs0wsMDQ4RFFpOUy5vYmplY3RzV05TLmtleXNWJGNsYXNzog8QgASABqISE4ACgAOAB1lhbGlhc0RhdGFccmVsYXRpdmVQYXRo0hgNGRpXTlMuZGF0YU8RAgoAAAAAAgoAAgAABUthdGxhAAAAAAAAAAAAAAAAAAAAAAAAAAAAAMugXEhIKwAAAFQNsBFKaW5fc3VzcGljb3VzLnBkZgAAAAAAAAAAAAAAAAAAAAAAAAAAAAAAAAAAAAAAAAAAAAAAAAAAAAAAAAAAAAAAYCTvy7rREQAAAAAAAAAAAAEAAgAACSAAAAAAAAAAAAAAAAAAAAAMUmVsYXRlZCBXb3JrABAACAAAy6BAKAAAABEACAAAy7q08QAAAAEAKABUDbAAVAXvAFPs5QAE7jwABO4dAAS2fwAEomoABJxUAARTyQAAv3wAAgBwS2F0bGE6VXNlcnM6AGFzZGFuaWVsOgBEb2N1bWVudHM6AEVUSDoATWFzdGVyOgA5LlNlbToATWFzdGVyYXJiZWl0OgByZXBvOgB0cnVuazoAUmVsYXRlZCBXb3JrOgBKaW5fc3VzcGljb3VzLnBkZgAOACQAEQBKAGkAbgBfAHMAdQBzAHAAaQBjAG8AdQBzAC4AcABkAGYADwAMAAUASwBhAHQAbABhABIAYFVzZXJzL2FzZGFuaWVsL0RvY3VtZW50cy9FVEgvTWFzdGVyLzkuU2VtL01hc3RlcmFyYmVpdC9yZXBvL3RydW5rL1JlbGF0ZWQgV29yay9KaW5fc3VzcGljb3VzLnBkZgATAAEvAAAVAAIAD///AACABdIcHR4fWCRjbGFzc2VzWiRjbGFzc25hbWWjHyAhXU5TTXV0YWJsZURhdGFWTlNEYXRhWE5TT2JqZWN0XxAhLi4vUmVsYXRlZCBXb3JrL0ppbl9zdXNwaWNvdXMucGRm0hwdJCWiJSFcTlNEaWN0aW9uYXJ5EgABhqBfEA9OU0tleWVkQXJjaGl2ZXIACAARABYAHwAoADIANQA6ADwARQBLAFIAXQBlAGwAbwBxAHMAdgB4AHoAfACGAJMAmACgAq4CsAK1Ar4CyQLNAtsC4gLrAw8DFAMXAyQDKQAAAAAAAAIBAAAAAAAAACgAAAAAAAAAAAAAAAAAAAM7},
	Bdsk-Url-1 = {http://doi.acm.org/10.1145/1269880.1269883},
	Bdsk-Url-2 = {http://dx.doi.org/10.1145/1269880.1269883}}

@inproceedings{Brownlee:2012,
	Address = {Vienna, Austria},
	Author = {Brownlee, N.},
	Booktitle = {Passive and Active Network Measurement Workshop (PAM)},
	Date-Added = {2012-04-23 07:26:26 +0000},
	Date-Modified = {2012-04-23 07:26:57 +0000},
	Institution = {Cooperative Association for Internet Data Analysis (CAIDA)},
	Keywords = {measurement methodology routing software/tools},
	Month = {Mar},
	Publisher = {PAM 2012},
	Rating = {4},
	Title = {{One-way Traffic Monitoring with iatmon}},
	Year = {2012},
	Bdsk-File-1 = {YnBsaXN0MDDUAQIDBAUIJidUJHRvcFgkb2JqZWN0c1gkdmVyc2lvblkkYXJjaGl2ZXLRBgdUcm9vdIABqAkKFRYXGyIjVSRudWxs0wsMDQ4RFFpOUy5vYmplY3RzV05TLmtleXNWJGNsYXNzog8QgASABqISE4ACgAOAB1lhbGlhc0RhdGFccmVsYXRpdmVQYXRo0hgNGRpXTlMuZGF0YU8RAhIAAAAAAhIAAgAABUthdGxhAAAAAAAAAAAAAAAAAAAAAAAAAAAAAMugXEhIKwAAAFQNsBNCcm93bmxlZV9pYXRtb24ucGRmAAAAAAAAAAAAAAAAAAAAAAAAAAAAAAAAAAAAAAAAAAAAAAAAAAAAAAAAAAAAYCPay7rQmgAAAAAAAAAAAAEAAgAACSAAAAAAAAAAAAAAAAAAAAAMUmVsYXRlZCBXb3JrABAACAAAy6BAKAAAABEACAAAy7q0egAAAAEAKABUDbAAVAXvAFPs5QAE7jwABO4dAAS2fwAEomoABJxUAARTyQAAv3wAAgByS2F0bGE6VXNlcnM6AGFzZGFuaWVsOgBEb2N1bWVudHM6AEVUSDoATWFzdGVyOgA5LlNlbToATWFzdGVyYXJiZWl0OgByZXBvOgB0cnVuazoAUmVsYXRlZCBXb3JrOgBCcm93bmxlZV9pYXRtb24ucGRmAA4AKAATAEIAcgBvAHcAbgBsAGUAZQBfAGkAYQB0AG0AbwBuAC4AcABkAGYADwAMAAUASwBhAHQAbABhABIAYlVzZXJzL2FzZGFuaWVsL0RvY3VtZW50cy9FVEgvTWFzdGVyLzkuU2VtL01hc3RlcmFyYmVpdC9yZXBvL3RydW5rL1JlbGF0ZWQgV29yay9Ccm93bmxlZV9pYXRtb24ucGRmABMAAS8AABUAAgAP//8AAIAF0hwdHh9YJGNsYXNzZXNaJGNsYXNzbmFtZaMfICFdTlNNdXRhYmxlRGF0YVZOU0RhdGFYTlNPYmplY3RfECMuLi9SZWxhdGVkIFdvcmsvQnJvd25sZWVfaWF0bW9uLnBkZtIcHSQloiUhXE5TRGljdGlvbmFyeRIAAYagXxAPTlNLZXllZEFyY2hpdmVyAAgAEQAWAB8AKAAyADUAOgA8AEUASwBSAF0AZQBsAG8AcQBzAHYAeAB6AHwAhgCTAJgAoAK2ArgCvQLGAtEC1QLjAuoC8wMZAx4DIQMuAzMAAAAAAAACAQAAAAAAAAAoAAAAAAAAAAAAAAAAAAADRQ==}}

@inproceedings{Jin:Gray:2007,
	Acmid = {1361444},
	Address = {Berkeley, CA, USA},
	Articleno = {2},
	Author = {Jin, Yu and Simon, Gy\"{o}rgy and Xu, Kuai and Zhang, Zhi-Li and Kumar, Vipin},
	Booktitle = {Proceedings of the 2nd USENIX workshop on Tackling computer systems problems with machine learning techniques},
	Date-Added = {2012-04-23 07:18:57 +0000},
	Date-Modified = {2012-04-23 07:29:29 +0000},
	Location = {Cambridge, MA},
	Numpages = {6},
	Pages = {2:1--2:6},
	Publisher = {USENIX Association},
	Series = {SYSML'07},
	Title = {Gray's anatomy: dissecting scanning activities using IP gray space analysis},
	Url = {http://dl.acm.org/citation.cfm?id=1361442.1361444},
	Year = {2007},
	Bdsk-Url-1 = {http://dl.acm.org/citation.cfm?id=1361442.1361444},
	Bdsk-File-1 = {YnBsaXN0MDDUAQIDBAUIJidUJHRvcFgkb2JqZWN0c1gkdmVyc2lvblkkYXJjaGl2ZXLRBgdUcm9vdIABqAkKFRYXGyIjVSRudWxs0wsMDQ4RFFpOUy5vYmplY3RzV05TLmtleXNWJGNsYXNzog8QgASABqISE4ACgAOAB1lhbGlhc0RhdGFccmVsYXRpdmVQYXRo0hgNGRpXTlMuZGF0YU8RAgoAAAAAAgoAAgAABUthdGxhAAAAAAAAAAAAAAAAAAAAAAAAAAAAAMugXEhIKwAAAFQNsBFqaW5fZ3JheXNwYWNlLnBkZgAAAAAAAAAAAAAAAAAAAAAAAAAAAAAAAAAAAAAAAAAAAAAAAAAAAAAAAAAAAAAAVA20y7bi/AAAAAAAAAAAAAEAAgAACSAAAAAAAAAAAAAAAAAAAAAMUmVsYXRlZCBXb3JrABAACAAAy6BAKAAAABEACAAAy7bG3AAAAAEAKABUDbAAVAXvAFPs5QAE7jwABO4dAAS2fwAEomoABJxUAARTyQAAv3wAAgBwS2F0bGE6VXNlcnM6AGFzZGFuaWVsOgBEb2N1bWVudHM6AEVUSDoATWFzdGVyOgA5LlNlbToATWFzdGVyYXJiZWl0OgByZXBvOgB0cnVuazoAUmVsYXRlZCBXb3JrOgBqaW5fZ3JheXNwYWNlLnBkZgAOACQAEQBqAGkAbgBfAGcAcgBhAHkAcwBwAGEAYwBlAC4AcABkAGYADwAMAAUASwBhAHQAbABhABIAYFVzZXJzL2FzZGFuaWVsL0RvY3VtZW50cy9FVEgvTWFzdGVyLzkuU2VtL01hc3RlcmFyYmVpdC9yZXBvL3RydW5rL1JlbGF0ZWQgV29yay9qaW5fZ3JheXNwYWNlLnBkZgATAAEvAAAVAAIAD///AACABdIcHR4fWCRjbGFzc2VzWiRjbGFzc25hbWWjHyAhXU5TTXV0YWJsZURhdGFWTlNEYXRhWE5TT2JqZWN0XxAhLi4vUmVsYXRlZCBXb3JrL2ppbl9ncmF5c3BhY2UucGRm0hwdJCWiJSFcTlNEaWN0aW9uYXJ5EgABhqBfEA9OU0tleWVkQXJjaGl2ZXIACAARABYAHwAoADIANQA6ADwARQBLAFIAXQBlAGwAbwBxAHMAdgB4AHoAfACGAJMAmACgAq4CsAK1Ar4CyQLNAtsC4gLrAw8DFAMXAyQDKQAAAAAAAAIBAAAAAAAAACgAAAAAAAAAAAAAAAAAAAM7}}

@inproceedings{SchatzmannPAM2011,
	Address = {Atlanta, Georgia, USA},
	Author = {Dominik Schatzmann and Simon Leinen and Jochen K{\"o}gel and Wolfgang M{\"u}hlbauer},
	Booktitle = {Passive and Active Measurement conference (PAM 2011)},
	Date-Added = {2012-04-20 10:45:16 +0000},
	Date-Modified = {2012-04-20 10:45:54 +0000},
	Keywords = {monitoring, connectivity problems, flow-based},
	Month = mar,
	Title = {FACT: Flow-based Approach for Connectivity Tracking},
	Year = 2011,
	Bdsk-File-1 = {YnBsaXN0MDDUAQIDBAUIJidUJHRvcFgkb2JqZWN0c1gkdmVyc2lvblkkYXJjaGl2ZXLRBgdUcm9vdIABqAkKFRYXGyIjVSRudWxs0wsMDQ4RFFpOUy5vYmplY3RzV05TLmtleXNWJGNsYXNzog8QgASABqISE4ACgAOAB1lhbGlhc0RhdGFccmVsYXRpdmVQYXRo0hgNGRpXTlMuZGF0YU8RAioAAAAAAioAAgAABUthdGxhAAAAAAAAAAAAAAAAAAAAAAAAAAAAAMugXEhIKwAAAFQNsBlwYW0yMDExZmFjdHNjaGF0em1hbm4ucGRmAAAAAAAAAAAAAAAAAAAAAAAAAAAAAAAAAAAAAAAAAAAAAAAAAAAAVB9Dy7bv8QAAAAAAAAAAAAEAAgAACSAAAAAAAAAAAAAAAAAAAAAMUmVsYXRlZCBXb3JrABAACAAAy6BAKAAAABEACAAAy7bT0QAAAAEAKABUDbAAVAXvAFPs5QAE7jwABO4dAAS2fwAEomoABJxUAARTyQAAv3wAAgB4S2F0bGE6VXNlcnM6AGFzZGFuaWVsOgBEb2N1bWVudHM6AEVUSDoATWFzdGVyOgA5LlNlbToATWFzdGVyYXJiZWl0OgByZXBvOgB0cnVuazoAUmVsYXRlZCBXb3JrOgBwYW0yMDExZmFjdHNjaGF0em1hbm4ucGRmAA4ANAAZAHAAYQBtADIAMAAxADEAZgBhAGMAdABzAGMAaABhAHQAegBtAGEAbgBuAC4AcABkAGYADwAMAAUASwBhAHQAbABhABIAaFVzZXJzL2FzZGFuaWVsL0RvY3VtZW50cy9FVEgvTWFzdGVyLzkuU2VtL01hc3RlcmFyYmVpdC9yZXBvL3RydW5rL1JlbGF0ZWQgV29yay9wYW0yMDExZmFjdHNjaGF0em1hbm4ucGRmABMAAS8AABUAAgAP//8AAIAF0hwdHh9YJGNsYXNzZXNaJGNsYXNzbmFtZaMfICFdTlNNdXRhYmxlRGF0YVZOU0RhdGFYTlNPYmplY3RfECkuLi9SZWxhdGVkIFdvcmsvcGFtMjAxMWZhY3RzY2hhdHptYW5uLnBkZtIcHSQloiUhXE5TRGljdGlvbmFyeRIAAYagXxAPTlNLZXllZEFyY2hpdmVyAAgAEQAWAB8AKAAyADUAOgA8AEUASwBSAF0AZQBsAG8AcQBzAHYAeAB6AHwAhgCTAJgAoALOAtAC1QLeAukC7QL7AwIDCwM3AzwDPwNMA1EAAAAAAAACAQAAAAAAAAAoAAAAAAAAAAAAAAAAAAADYw==}}

@inproceedings{Schulman:2011,
	Acmid = {2068819},
	Address = {New York, NY, USA},
	Author = {Schulman, Aaron and Spring, Neil},
	Booktitle = {Proceedings of the 2011 ACM SIGCOMM conference on Internet measurement conference},
	Date-Added = {2012-04-11 08:50:35 +0000},
	Date-Modified = {2012-04-11 08:54:19 +0000},
	Doi = {10.1145/2068816.2068819},
	Isbn = {978-1-4503-1013-0},
	Keywords = {ThunderPing, outage, ping, weather},
	Location = {Berlin, Germany},
	Numpages = {10},
	Pages = {19--28},
	Publisher = {ACM},
	Series = {IMC '11},
	Title = {Pingin' in the rain},
	Url = {http://doi.acm.org/10.1145/2068816.2068819},
	Year = {2011},
	Bdsk-File-1 = {YnBsaXN0MDDUAQIDBAUIJidUJHRvcFgkb2JqZWN0c1gkdmVyc2lvblkkYXJjaGl2ZXLRBgdUcm9vdIABqAkKFRYXGyIjVSRudWxs0wsMDQ4RFFpOUy5vYmplY3RzV05TLmtleXNWJGNsYXNzog8QgASABqISE4ACgAOAB1lhbGlhc0RhdGFccmVsYXRpdmVQYXRo0hgNGRpXTlMuZGF0YU8RAgoAAAAAAgoAAgAABUthdGxhAAAAAAAAAAAAAAAAAAAAAAAAAAAAAMugXEhIKwAAAFQNsBFwaW5naW5faW5SYWluLnBkZgAAAAAAAAAAAAAAAAAAAAAAAAAAAAAAAAAAAAAAAAAAAAAAAAAAAAAAAAAAAAAAVA21y7bi/AAAAAAAAAAAAAEAAgAACSAAAAAAAAAAAAAAAAAAAAAMUmVsYXRlZCBXb3JrABAACAAAy6BAKAAAABEACAAAy7bG3AAAAAEAKABUDbAAVAXvAFPs5QAE7jwABO4dAAS2fwAEomoABJxUAARTyQAAv3wAAgBwS2F0bGE6VXNlcnM6AGFzZGFuaWVsOgBEb2N1bWVudHM6AEVUSDoATWFzdGVyOgA5LlNlbToATWFzdGVyYXJiZWl0OgByZXBvOgB0cnVuazoAUmVsYXRlZCBXb3JrOgBwaW5naW5faW5SYWluLnBkZgAOACQAEQBwAGkAbgBnAGkAbgBfAGkAbgBSAGEAaQBuAC4AcABkAGYADwAMAAUASwBhAHQAbABhABIAYFVzZXJzL2FzZGFuaWVsL0RvY3VtZW50cy9FVEgvTWFzdGVyLzkuU2VtL01hc3RlcmFyYmVpdC9yZXBvL3RydW5rL1JlbGF0ZWQgV29yay9waW5naW5faW5SYWluLnBkZgATAAEvAAAVAAIAD///AACABdIcHR4fWCRjbGFzc2VzWiRjbGFzc25hbWWjHyAhXU5TTXV0YWJsZURhdGFWTlNEYXRhWE5TT2JqZWN0XxAhLi4vUmVsYXRlZCBXb3JrL3Bpbmdpbl9pblJhaW4ucGRm0hwdJCWiJSFcTlNEaWN0aW9uYXJ5EgABhqBfEA9OU0tleWVkQXJjaGl2ZXIACAARABYAHwAoADIANQA6ADwARQBLAFIAXQBlAGwAbwBxAHMAdgB4AHoAfACGAJMAmACgAq4CsAK1Ar4CyQLNAtsC4gLrAw8DFAMXAyQDKQAAAAAAAAIBAAAAAAAAACgAAAAAAAAAAAAAAAAAAAM7},
	Bdsk-Url-1 = {http://doi.acm.org/10.1145/2068816.2068819},
	Bdsk-Url-2 = {http://dx.doi.org/10.1145/2068816.2068819}}

@inproceedings{Leonard:2010,
	Acmid = {1879156},
	Address = {New York, NY, USA},
	Author = {Leonard, Derek and Loguinov, Dmitri},
	Booktitle = {Proceedings of the 10th annual conference on Internet measurement},
	Date-Added = {2012-04-11 08:49:31 +0000},
	Date-Modified = {2012-04-11 08:49:50 +0000},
	Doi = {10.1145/1879141.1879156},
	Isbn = {978-1-4503-0483-2},
	Keywords = {horizontal scanning, service discovery},
	Location = {Melbourne, Australia},
	Numpages = {14},
	Pages = {109--122},
	Publisher = {ACM},
	Series = {IMC '10},
	Title = {Demystifying service discovery: implementing an internet-wide scanner},
	Url = {http://doi.acm.org/10.1145/1879141.1879156},
	Year = {2010},
	Bdsk-File-1 = {YnBsaXN0MDDUAQIDBAUIJidUJHRvcFgkb2JqZWN0c1gkdmVyc2lvblkkYXJjaGl2ZXLRBgdUcm9vdIABqAkKFRYXGyIjVSRudWxs0wsMDQ4RFFpOUy5vYmplY3RzV05TLmtleXNWJGNsYXNzog8QgASABqISE4ACgAOAB1lhbGlhc0RhdGFccmVsYXRpdmVQYXRo0hgNGRpXTlMuZGF0YU8RAjAAAAAAAjAAAgAABUthdGxhAAAAAAAAAAAAAAAAAAAAAAAAAAAAAMugXEhIKwAAAFQNsBpEZW15c3RpZnlpbmdTRC1MZW9uYXJkLnBkZgAAAAAAAAAAAAAAAAAAAAAAAAAAAAAAAAAAAAAAAAAAAAAAAAAAVA2yy7bi/AAAAAAAAAAAAAEAAgAACSAAAAAAAAAAAAAAAAAAAAAMUmVsYXRlZCBXb3JrABAACAAAy6BAKAAAABEACAAAy7bG3AAAAAEAKABUDbAAVAXvAFPs5QAE7jwABO4dAAS2fwAEomoABJxUAARTyQAAv3wAAgB5S2F0bGE6VXNlcnM6AGFzZGFuaWVsOgBEb2N1bWVudHM6AEVUSDoATWFzdGVyOgA5LlNlbToATWFzdGVyYXJiZWl0OgByZXBvOgB0cnVuazoAUmVsYXRlZCBXb3JrOgBEZW15c3RpZnlpbmdTRC1MZW9uYXJkLnBkZgAADgA2ABoARABlAG0AeQBzAHQAaQBmAHkAaQBuAGcAUwBEAC0ATABlAG8AbgBhAHIAZAAuAHAAZABmAA8ADAAFAEsAYQB0AGwAYQASAGlVc2Vycy9hc2RhbmllbC9Eb2N1bWVudHMvRVRIL01hc3Rlci85LlNlbS9NYXN0ZXJhcmJlaXQvcmVwby90cnVuay9SZWxhdGVkIFdvcmsvRGVteXN0aWZ5aW5nU0QtTGVvbmFyZC5wZGYAABMAAS8AABUAAgAP//8AAIAF0hwdHh9YJGNsYXNzZXNaJGNsYXNzbmFtZaMfICFdTlNNdXRhYmxlRGF0YVZOU0RhdGFYTlNPYmplY3RfECouLi9SZWxhdGVkIFdvcmsvRGVteXN0aWZ5aW5nU0QtTGVvbmFyZC5wZGbSHB0kJaIlIVxOU0RpY3Rpb25hcnkSAAGGoF8QD05TS2V5ZWRBcmNoaXZlcgAIABEAFgAfACgAMgA1ADoAPABFAEsAUgBdAGUAbABvAHEAcwB2AHgAegB8AIYAkwCYAKAC1ALWAtsC5ALvAvMDAQMIAxEDPgNDA0YDUwNYAAAAAAAAAgEAAAAAAAAAKAAAAAAAAAAAAAAAAAAAA2o=},
	Bdsk-Url-1 = {http://doi.acm.org/10.1145/1879141.1879156},
	Bdsk-Url-2 = {http://dx.doi.org/10.1145/1879141.1879156}}

@techreport{Bartlett07b,
	Author = {Genevieve Bartlett and John Heidemann and Christos Papadopoulos},
	Copyrightholder = {authors},
	Date-Added = {2012-04-11 08:18:42 +0000},
	Date-Modified = {2012-04-11 08:18:42 +0000},
	Institution = {USC/Information Sciences Institute},
	Keywords = {passive service discovery, active service discovery},
	Month = {May},
	Myorganization = {USC/Information Sciences Institute},
	Note = {To appear, ACM Internet Measurement Conference 2007},
	Number = {ISI-TR-2007-642},
	Pdfurl = {http://www.isi.edu/~johnh/PAPERS/Bartlett07b.pdf},
	Title = {Understanding Passive and Active Service Discovery (extended)},
	Url = {http://www.isi.edu/~johnh/PAPERS/Bartlett07b.html},
	Year = {2007},
	Bdsk-File-1 = {YnBsaXN0MDDUAQIDBAUIJidUJHRvcFgkb2JqZWN0c1gkdmVyc2lvblkkYXJjaGl2ZXLRBgdUcm9vdIABqAkKFRYXGyIjVSRudWxs0wsMDQ4RFFpOUy5vYmplY3RzV05TLmtleXNWJGNsYXNzog8QgASABqISE4ACgAOAB1lhbGlhc0RhdGFccmVsYXRpdmVQYXRo0hgNGRpXTlMuZGF0YU8RAgIAAAAAAgIAAgAABUthdGxhAAAAAAAAAAAAAAAAAAAAAAAAAAAAAMugXEhIKwAAAFQNsA9CYXJ0bGV0dDA3Yi5wZGYAAAAAAAAAAAAAAAAAAAAAAAAAAAAAAAAAAAAAAAAAAAAAAAAAAAAAAAAAAAAAAAAAVA2xy7bi/AAAAAAAAAAAAAEAAgAACSAAAAAAAAAAAAAAAAAAAAAMUmVsYXRlZCBXb3JrABAACAAAy6BAKAAAABEACAAAy7bG3AAAAAEAKABUDbAAVAXvAFPs5QAE7jwABO4dAAS2fwAEomoABJxUAARTyQAAv3wAAgBuS2F0bGE6VXNlcnM6AGFzZGFuaWVsOgBEb2N1bWVudHM6AEVUSDoATWFzdGVyOgA5LlNlbToATWFzdGVyYXJiZWl0OgByZXBvOgB0cnVuazoAUmVsYXRlZCBXb3JrOgBCYXJ0bGV0dDA3Yi5wZGYADgAgAA8AQgBhAHIAdABsAGUAdAB0ADAANwBiAC4AcABkAGYADwAMAAUASwBhAHQAbABhABIAXlVzZXJzL2FzZGFuaWVsL0RvY3VtZW50cy9FVEgvTWFzdGVyLzkuU2VtL01hc3RlcmFyYmVpdC9yZXBvL3RydW5rL1JlbGF0ZWQgV29yay9CYXJ0bGV0dDA3Yi5wZGYAEwABLwAAFQACAA///wAAgAXSHB0eH1gkY2xhc3Nlc1okY2xhc3NuYW1lox8gIV1OU011dGFibGVEYXRhVk5TRGF0YVhOU09iamVjdF8QHy4uL1JlbGF0ZWQgV29yay9CYXJ0bGV0dDA3Yi5wZGbSHB0kJaIlIVxOU0RpY3Rpb25hcnkSAAGGoF8QD05TS2V5ZWRBcmNoaXZlcgAIABEAFgAfACgAMgA1ADoAPABFAEsAUgBdAGUAbABvAHEAcwB2AHgAegB8AIYAkwCYAKACpgKoAq0CtgLBAsUC0wLaAuMDBQMKAw0DGgMfAAAAAAAAAgEAAAAAAAAAKAAAAAAAAAAAAAAAAAAAAzE=},
	Bdsk-Url-1 = {http://www.isi.edu/~johnh/PAPERS/Bartlett07b.html}}

@techreport{Quan12a,
	Annote = {=> Active probing with preselected target sampling
=> CLustering resutls in time/space and correlation with network events seen in control plane

- scalable for ipv6
- based on "analyzable" internet => (9% is responsive to pings, probed 2%*9%= 0.18%!!)
},
	Author = {Lin Quan and John Heidemann and Yuri Pradkin},
	Copyrightholder = {authors},
	Date-Added = {2012-04-11 08:17:44 +0000},
	Date-Modified = {2012-04-23 07:24:09 +0000},
	Institution = {USC/Information Sciences Institute},
	Keywords = {routing outage detection, active probing, ntework outages, revision of [Quan11a]},
	Month = {February},
	Myorganization = {USC/Information Sciences Institute},
	Note = {(This TR superceeds ISI-TR-2011-672.)},
	Number = {ISI-TR-2012-678},
	Otherurl = {ftp://ftp.isi.edu/isi-pubs/tr-678.pdf},
	Pdfurl = {http://www.isi.edu/~johnh/PAPERS/Quan12a.pdf},
	Rating = {5},
	Read = {1},
	Title = {Detecting Internet Outages with Precise Active Probing (extended)},
	Url = {http://www.isi.edu/~johnh/PAPERS/Quan12a.html},
	Year = {2012},
	Bdsk-File-1 = {YnBsaXN0MDDUAQIDBAUIJidUJHRvcFgkb2JqZWN0c1gkdmVyc2lvblkkYXJjaGl2ZXLRBgdUcm9vdIABqAkKFRYXGyIjVSRudWxs0wsMDQ4RFFpOUy5vYmplY3RzV05TLmtleXNWJGNsYXNzog8QgASABqISE4ACgAOAB1lhbGlhc0RhdGFccmVsYXRpdmVQYXRo0hgNGRpXTlMuZGF0YU8RAfIAAAAAAfIAAgAABUthdGxhAAAAAAAAAAAAAAAAAAAAAAAAAAAAAMugXEhIKwAAAFQNsAtRdWFuMTJhLnBkZgAAAAAAAAAAAAAAAAAAAAAAAAAAAAAAAAAAAAAAAAAAAAAAAAAAAAAAAAAAAAAAAAAAAAAAVA2zy7bi/AAAAAAAAAAAAAEAAgAACSAAAAAAAAAAAAAAAAAAAAAMUmVsYXRlZCBXb3JrABAACAAAy6BAKAAAABEACAAAy7bG3AAAAAEAKABUDbAAVAXvAFPs5QAE7jwABO4dAAS2fwAEomoABJxUAARTyQAAv3wAAgBqS2F0bGE6VXNlcnM6AGFzZGFuaWVsOgBEb2N1bWVudHM6AEVUSDoATWFzdGVyOgA5LlNlbToATWFzdGVyYXJiZWl0OgByZXBvOgB0cnVuazoAUmVsYXRlZCBXb3JrOgBRdWFuMTJhLnBkZgAOABgACwBRAHUAYQBuADEAMgBhAC4AcABkAGYADwAMAAUASwBhAHQAbABhABIAWlVzZXJzL2FzZGFuaWVsL0RvY3VtZW50cy9FVEgvTWFzdGVyLzkuU2VtL01hc3RlcmFyYmVpdC9yZXBvL3RydW5rL1JlbGF0ZWQgV29yay9RdWFuMTJhLnBkZgATAAEvAAAVAAIAD///AACABdIcHR4fWCRjbGFzc2VzWiRjbGFzc25hbWWjHyAhXU5TTXV0YWJsZURhdGFWTlNEYXRhWE5TT2JqZWN0XxAbLi4vUmVsYXRlZCBXb3JrL1F1YW4xMmEucGRm0hwdJCWiJSFcTlNEaWN0aW9uYXJ5EgABhqBfEA9OU0tleWVkQXJjaGl2ZXIACAARABYAHwAoADIANQA6ADwARQBLAFIAXQBlAGwAbwBxAHMAdgB4AHoAfACGAJMAmACgApYCmAKdAqYCsQK1AsMCygLTAvEC9gL5AwYDCwAAAAAAAAIBAAAAAAAAACgAAAAAAAAAAAAAAAAAAAMd},
	Bdsk-Url-1 = {http://www.isi.edu/~johnh/PAPERS/Quan12a.html}}
