%% This BibTeX bibliography file was created using BibDesk.
%% http://bibdesk.sourceforge.net/


%% Created for Daniel Aschwanden at 2012-04-11 10:56:56 +0200


%% Saved with string encoding Unicode (UTF-8)



@inproceedings{Schulman:2011,
	Acmid = {2068819},
	Address = {New York, NY, USA},
	Author = {Schulman, Aaron and Spring, Neil},
	Booktitle = {Proceedings of the 2011 ACM SIGCOMM conference on Internet measurement conference},
	Date-Added = {2012-04-11 08:50:35 +0000},
	Date-Modified = {2012-04-11 08:54:19 +0000},
	Doi = {10.1145/2068816.2068819},
	Isbn = {978-1-4503-1013-0},
	Keywords = {ThunderPing, outage, ping, weather},
	Location = {Berlin, Germany},
	Numpages = {10},
	Pages = {19--28},
	Publisher = {ACM},
	Series = {IMC '11},
	Title = {Pingin' in the rain},
	Url = {http://doi.acm.org/10.1145/2068816.2068819},
	Year = {2011},
	Bdsk-Url-1 = {http://doi.acm.org/10.1145/2068816.2068819},
	Bdsk-File-1 = {YnBsaXN0MDDUAQIDBAUIJidUJHRvcFgkb2JqZWN0c1gkdmVyc2lvblkkYXJjaGl2ZXLRBgdUcm9vdIABqAkKFRYXGyIjVSRudWxs0wsMDQ4RFFpOUy5vYmplY3RzV05TLmtleXNWJGNsYXNzog8QgASABqISE4ACgAOAB1lhbGlhc0RhdGFccmVsYXRpdmVQYXRo0hgNGRpXTlMuZGF0YU8RAfoAAAAAAfoAAgAABUthdGxhAAAAAAAAAAAAAAAAAAAAAAAAAAAAAMugXEhIKwAAADHJlBFwaW5naW5faW5SYWluLnBkZgAAAAAAAAAAAAAAAAAAAAAAAAAAAAAAAAAAAAAAAAAAAAAAAAAAAAAAAAAAAAAAMdumy6sSiQAAAAAAAAAAAAEAAgAACSAAAAAAAAAAAAAAAAAAAAAMUmVsYXRlZCBXb3JrABAACAAAy6BAKAAAABEACAAAy6r2aQAAAAEAJAAxyZQALh6nAATuPAAE7h0ABLZ/AASiagAEnFQABFPJAAC/fAACAGlLYXRsYTpVc2VyczoAYXNkYW5pZWw6AERvY3VtZW50czoARVRIOgBNYXN0ZXI6ADkuU2VtOgBNYXN0ZXJhcmJlaXQ6AHJlcG86AFJlbGF0ZWQgV29yazoAcGluZ2luX2luUmFpbi5wZGYAAA4AJAARAHAAaQBuAGcAaQBuAF8AaQBuAFIAYQBpAG4ALgBwAGQAZgAPAAwABQBLAGEAdABsAGEAEgBaVXNlcnMvYXNkYW5pZWwvRG9jdW1lbnRzL0VUSC9NYXN0ZXIvOS5TZW0vTWFzdGVyYXJiZWl0L3JlcG8vUmVsYXRlZCBXb3JrL3Bpbmdpbl9pblJhaW4ucGRmABMAAS8AABUAAgAP//8AAIAF0hwdHh9YJGNsYXNzZXNaJGNsYXNzbmFtZaMfICFdTlNNdXRhYmxlRGF0YVZOU0RhdGFYTlNPYmplY3RfECEuLi9SZWxhdGVkIFdvcmsvcGluZ2luX2luUmFpbi5wZGbSHB0kJaIlIVxOU0RpY3Rpb25hcnkSAAGGoF8QD05TS2V5ZWRBcmNoaXZlcgAIABEAFgAfACgAMgA1ADoAPABFAEsAUgBdAGUAbABvAHEAcwB2AHgAegB8AIYAkwCYAKACngKgAqUCrgK5Ar0CywLSAtsC/wMEAwcDFAMZAAAAAAAAAgEAAAAAAAAAKAAAAAAAAAAAAAAAAAAAAys=},
	Bdsk-Url-2 = {http://dx.doi.org/10.1145/2068816.2068819}}

@inproceedings{Leonard:2010,
	Acmid = {1879156},
	Address = {New York, NY, USA},
	Author = {Leonard, Derek and Loguinov, Dmitri},
	Booktitle = {Proceedings of the 10th annual conference on Internet measurement},
	Date-Added = {2012-04-11 08:49:31 +0000},
	Date-Modified = {2012-04-11 08:49:50 +0000},
	Doi = {10.1145/1879141.1879156},
	Isbn = {978-1-4503-0483-2},
	Keywords = {horizontal scanning, service discovery},
	Location = {Melbourne, Australia},
	Numpages = {14},
	Pages = {109--122},
	Publisher = {ACM},
	Series = {IMC '10},
	Title = {Demystifying service discovery: implementing an internet-wide scanner},
	Url = {http://doi.acm.org/10.1145/1879141.1879156},
	Year = {2010},
	Bdsk-File-1 = {YnBsaXN0MDDUAQIDBAUIJidUJHRvcFgkb2JqZWN0c1gkdmVyc2lvblkkYXJjaGl2ZXLRBgdUcm9vdIABqAkKFRYXGyIjVSRudWxs0wsMDQ4RFFpOUy5vYmplY3RzV05TLmtleXNWJGNsYXNzog8QgASABqISE4ACgAOAB1lhbGlhc0RhdGFccmVsYXRpdmVQYXRo0hgNGRpXTlMuZGF0YU8RAh4AAAAAAh4AAgAABUthdGxhAAAAAAAAAAAAAAAAAAAAAAAAAAAAAMugXEhIKwAAADHJlBpEZW15c3RpZnlpbmdTRC1MZW9uYXJkLnBkZgAAAAAAAAAAAAAAAAAAAAAAAAAAAAAAAAAAAAAAAAAAAAAAAAAAMdjsy6sSEgAAAAAAAAAAAAEAAgAACSAAAAAAAAAAAAAAAAAAAAAMUmVsYXRlZCBXb3JrABAACAAAy6BAKAAAABEACAAAy6r18gAAAAEAJAAxyZQALh6nAATuPAAE7h0ABLZ/AASiagAEnFQABFPJAAC/fAACAHJLYXRsYTpVc2VyczoAYXNkYW5pZWw6AERvY3VtZW50czoARVRIOgBNYXN0ZXI6ADkuU2VtOgBNYXN0ZXJhcmJlaXQ6AHJlcG86AFJlbGF0ZWQgV29yazoARGVteXN0aWZ5aW5nU0QtTGVvbmFyZC5wZGYADgA2ABoARABlAG0AeQBzAHQAaQBmAHkAaQBuAGcAUwBEAC0ATABlAG8AbgBhAHIAZAAuAHAAZABmAA8ADAAFAEsAYQB0AGwAYQASAGNVc2Vycy9hc2RhbmllbC9Eb2N1bWVudHMvRVRIL01hc3Rlci85LlNlbS9NYXN0ZXJhcmJlaXQvcmVwby9SZWxhdGVkIFdvcmsvRGVteXN0aWZ5aW5nU0QtTGVvbmFyZC5wZGYAABMAAS8AABUAAgAP//8AAIAF0hwdHh9YJGNsYXNzZXNaJGNsYXNzbmFtZaMfICFdTlNNdXRhYmxlRGF0YVZOU0RhdGFYTlNPYmplY3RfECouLi9SZWxhdGVkIFdvcmsvRGVteXN0aWZ5aW5nU0QtTGVvbmFyZC5wZGbSHB0kJaIlIVxOU0RpY3Rpb25hcnkSAAGGoF8QD05TS2V5ZWRBcmNoaXZlcgAIABEAFgAfACgAMgA1ADoAPABFAEsAUgBdAGUAbABvAHEAcwB2AHgAegB8AIYAkwCYAKACwgLEAskC0gLdAuEC7wL2Av8DLAMxAzQDQQNGAAAAAAAAAgEAAAAAAAAAKAAAAAAAAAAAAAAAAAAAA1g=},
	Bdsk-Url-1 = {http://doi.acm.org/10.1145/1879141.1879156},
	Bdsk-Url-2 = {http://dx.doi.org/10.1145/1879141.1879156}}

@techreport{Bartlett07b,
	Author = {Genevieve Bartlett and John Heidemann and Christos Papadopoulos},
	Copyrightholder = {authors},
	Date-Added = {2012-04-11 08:18:42 +0000},
	Date-Modified = {2012-04-11 08:18:42 +0000},
	Institution = {USC/Information Sciences Institute},
	Keywords = {passive service discovery, active service discovery},
	Month = {May},
	Myorganization = {USC/Information Sciences Institute},
	Note = {To appear, ACM Internet Measurement Conference 2007},
	Number = {ISI-TR-2007-642},
	Pdfurl = {http://www.isi.edu/~johnh/PAPERS/Bartlett07b.pdf},
	Title = {Understanding Passive and Active Service Discovery (extended)},
	Url = {http://www.isi.edu/~johnh/PAPERS/Bartlett07b.html},
	Year = {2007},
	Bdsk-File-1 = {YnBsaXN0MDDUAQIDBAUIJidUJHRvcFgkb2JqZWN0c1gkdmVyc2lvblkkYXJjaGl2ZXLRBgdUcm9vdIABqAkKFRYXGyIjVSRudWxs0wsMDQ4RFFpOUy5vYmplY3RzV05TLmtleXNWJGNsYXNzog8QgASABqISE4ACgAOAB1lhbGlhc0RhdGFccmVsYXRpdmVQYXRo0hgNGRpXTlMuZGF0YU8RAfIAAAAAAfIAAgAABUthdGxhAAAAAAAAAAAAAAAAAAAAAAAAAAAAAMugXEhIKwAAADHJlA9CYXJ0bGV0dDA3Yi5wZGYAAAAAAAAAAAAAAAAAAAAAAAAAAAAAAAAAAAAAAAAAAAAAAAAAAAAAAAAAAAAAAAAAMd1jy6sTlgAAAAAAAAAAAAEAAgAACSAAAAAAAAAAAAAAAAAAAAAMUmVsYXRlZCBXb3JrABAACAAAy6BAKAAAABEACAAAy6r3dgAAAAEAJAAxyZQALh6nAATuPAAE7h0ABLZ/AASiagAEnFQABFPJAAC/fAACAGdLYXRsYTpVc2VyczoAYXNkYW5pZWw6AERvY3VtZW50czoARVRIOgBNYXN0ZXI6ADkuU2VtOgBNYXN0ZXJhcmJlaXQ6AHJlcG86AFJlbGF0ZWQgV29yazoAQmFydGxldHQwN2IucGRmAAAOACAADwBCAGEAcgB0AGwAZQB0AHQAMAA3AGIALgBwAGQAZgAPAAwABQBLAGEAdABsAGEAEgBYVXNlcnMvYXNkYW5pZWwvRG9jdW1lbnRzL0VUSC9NYXN0ZXIvOS5TZW0vTWFzdGVyYXJiZWl0L3JlcG8vUmVsYXRlZCBXb3JrL0JhcnRsZXR0MDdiLnBkZgATAAEvAAAVAAIAD///AACABdIcHR4fWCRjbGFzc2VzWiRjbGFzc25hbWWjHyAhXU5TTXV0YWJsZURhdGFWTlNEYXRhWE5TT2JqZWN0XxAfLi4vUmVsYXRlZCBXb3JrL0JhcnRsZXR0MDdiLnBkZtIcHSQloiUhXE5TRGljdGlvbmFyeRIAAYagXxAPTlNLZXllZEFyY2hpdmVyAAgAEQAWAB8AKAAyADUAOgA8AEUASwBSAF0AZQBsAG8AcQBzAHYAeAB6AHwAhgCTAJgAoAKWApgCnQKmArECtQLDAsoC0wL1AvoC/QMKAw8AAAAAAAACAQAAAAAAAAAoAAAAAAAAAAAAAAAAAAADIQ==},
	Bdsk-Url-1 = {http://www.isi.edu/~johnh/PAPERS/Bartlett07b.html}}

@techreport{Quan12a,
	Author = {Lin Quan and John Heidemann and Yuri Pradkin},
	Copyrightholder = {authors},
	Date-Added = {2012-04-11 08:17:44 +0000},
	Date-Modified = {2012-04-11 08:17:44 +0000},
	Institution = {USC/Information Sciences Institute},
	Keywords = {routing outage detection, active probing, ntework outages, revision of [Quan11a]},
	Month = {February},
	Myorganization = {USC/Information Sciences Institute},
	Note = {(This TR superceeds ISI-TR-2011-672.)},
	Number = {ISI-TR-2012-678},
	Otherurl = {ftp://ftp.isi.edu/isi-pubs/tr-678.pdf},
	Pdfurl = {http://www.isi.edu/~johnh/PAPERS/Quan12a.pdf},
	Title = {Detecting Internet Outages with Precise Active Probing (extended)},
	Url = {http://www.isi.edu/~johnh/PAPERS/Quan12a.html},
	Year = {2012},
	Bdsk-Url-1 = {http://www.isi.edu/~johnh/PAPERS/Quan12a.html},
	Bdsk-File-1 = {YnBsaXN0MDDUAQIDBAUIJidUJHRvcFgkb2JqZWN0c1gkdmVyc2lvblkkYXJjaGl2ZXLRBgdUcm9vdIABqAkKFRYXGyIjVSRudWxs0wsMDQ4RFFpOUy5vYmplY3RzV05TLmtleXNWJGNsYXNzog8QgASABqISE4ACgAOAB1lhbGlhc0RhdGFccmVsYXRpdmVQYXRo0hgNGRpXTlMuZGF0YU8RAeIAAAAAAeIAAgAABUthdGxhAAAAAAAAAAAAAAAAAAAAAAAAAAAAAMugXEhIKwAAADHJlAtRdWFuMTJhLnBkZgAAAAAAAAAAAAAAAAAAAAAAAAAAAAAAAAAAAAAAAAAAAAAAAAAAAAAAAAAAAAAAAAAAAAAAMcmMy6sKcAAAAAAAAAAAAAEAAgAACSAAAAAAAAAAAAAAAAAAAAAMUmVsYXRlZCBXb3JrABAACAAAy6BAKAAAABEACAAAy6ruUAAAAAEAJAAxyZQALh6nAATuPAAE7h0ABLZ/AASiagAEnFQABFPJAAC/fAACAGNLYXRsYTpVc2VyczoAYXNkYW5pZWw6AERvY3VtZW50czoARVRIOgBNYXN0ZXI6ADkuU2VtOgBNYXN0ZXJhcmJlaXQ6AHJlcG86AFJlbGF0ZWQgV29yazoAUXVhbjEyYS5wZGYAAA4AGAALAFEAdQBhAG4AMQAyAGEALgBwAGQAZgAPAAwABQBLAGEAdABsAGEAEgBUVXNlcnMvYXNkYW5pZWwvRG9jdW1lbnRzL0VUSC9NYXN0ZXIvOS5TZW0vTWFzdGVyYXJiZWl0L3JlcG8vUmVsYXRlZCBXb3JrL1F1YW4xMmEucGRmABMAAS8AABUAAgAP//8AAIAF0hwdHh9YJGNsYXNzZXNaJGNsYXNzbmFtZaMfICFdTlNNdXRhYmxlRGF0YVZOU0RhdGFYTlNPYmplY3RfEBsuLi9SZWxhdGVkIFdvcmsvUXVhbjEyYS5wZGbSHB0kJaIlIVxOU0RpY3Rpb25hcnkSAAGGoF8QD05TS2V5ZWRBcmNoaXZlcgAIABEAFgAfACgAMgA1ADoAPABFAEsAUgBdAGUAbABvAHEAcwB2AHgAegB8AIYAkwCYAKAChgKIAo0ClgKhAqUCswK6AsMC4QLmAukC9gL7AAAAAAAAAgEAAAAAAAAAKAAAAAAAAAAAAAAAAAAAAw0=}}
